@article{alves_h_j_p_2021_5703280,
  author       = {Alves, H. J. P and
                  dos Santos, L. M and
                  Batista, B. D. O.},
  title        = {{Spatio-temporal geostatistical modeling of 
                   Gneiting applied to surface albedo (Brazil)}},
  journal      = {Revista Brasileira de Meio Ambiente},
  year         = 2021,
  volume       = 9,
  number       = 3,
  pages        = {48-62},
  month        = nov,
  doi          = {10.5281/zenodo.5703280},
  url          = {https://doi.org/10.5281/zenodo.5703280}
}