% Encoding: UTF-8

@Book{batista2023,
  author    = {Ben D\^eivide Oliveira Batista},
  publisher = ,
  title     = {Meu p\'e de beterraba},
  year      = {2023},
  address   = {Ouro Branco, MG},
  edition   = {1},
  isbn      = {978-65-00-94770-0},
  pages     = {20},
  url = {https://bendeivide.github.io/book-meupedebeterraba/}
}

