% Encoding: UTF-8

@Book{batista2021,
  author    = {Ben D\^eivide Oliveira Batista},
  publisher = ,
  title     = {Pelos caminhos de Ciri\'egola},
  year      = {2021},
  address   = {Pau dos Ferros, RN},
  edition   = {1},
  isbn      = {978-65-00-35612-0},
  pages     = {92},
  url = {https://bendeivide.github.io/book-ciriegola/}
}

