@ARTICLE{Ramos2021,
  author = {Luiz Fernando Pinheiro Ramos and Humberto Cesar Fernandes and Ben D\^eivide de Oliveira Batista},
  title = {Modelagem Matem\'atica para Previs√£o de Jogos de Futebol},
  journal = {ReviSeM},
  year = {2021},
  volume = {6},
  number = {1},
  pages = {46-64},
  doi = {https://doi.org/10.34179/revisem.v6i1.13637}
}