% Encoding: UTF-8

@Book{Assisetal2021,
  author    = {Janilson Pinheiro de Assis and Roberto Pequeno de Sousa and Paulo C\'esar Linhares and Ben D\^eivide Oliveira Batista and Eudes Almeida Cardoso},
  publisher = {Pantanal Editora},
  title     = {Estima\c{c}\~ao estat√≠stca},
  year      = {2021},
  address   = {Nova Xavantina, MT},
  edition   = {1},
  isbn      = {978-65-88319-63-5},
  doi       = {https://doi.org/10.46420/9786588319635},
  pages     = {130},
}

