@Book{batista2021,
	title = {{R} básico},
	author = {Ben D. O. Batista and Diego Arthur B. J. Oliveira},
	publisher = {[s.n.]},
	address = {Ouro Branco, MG, Brasil},
	year = {2021},
	series = {(Estudando o {A}mbiente {R})},
	note = {ISBN 978-65-00-51599-2},
	url = {https://bendeivide.github.io/books/eambr01/},
}


@handout{paradis2005,
	title = {{R} for Beginners},
	author = {Emmanuel Paradis},
	year = {2005},
	url = {https://cran.r-project.org/doc/contrib/Paradis-rdebuts_en.pdf},
}

@Book{hadley2019,
	title = {Advanced {R}},
	author = {Hadley Wickham},
	publisher = {Chapman and Hall/CRC},
	address = {Boca Raton, Florida},
	year = {2019},
	edition = {2nd},
	note = {ISBN 978-0815384571},
	url = {https://adv-r.hadley.nz/},
}

@Book{hadleyetal2021,
	title = {Advanced {R} {S}olutions},
	author = {Malte Grosser and Henning Buman and Hadley Wickham},
	publisher = {Chapman and Hall/CRC},
	address = {Boca Raton, Florida},
	year = {2021},
	edition = {2nd},
	note = {ISBN 9781000409079},
	url = {https://adv-r.hadley.nz/},
}

@Book{hadley2015,
	title = {{R} Packages},
	author = {Hadley Wickham},
	publisher = {O'Reilly Media},
	address = {},
	year = {2015},
	edition = {2nd},
	note = {ISBN 9781491910597},
	url = {https://r-pkgs.org/index.html},
}

@Book{chambers2016,
	title = {Extending {R}},
	author = {John M. Chambers},
	publisher = {Chapman and Hall/CRC},
	series = {The {R} {S}eries},
	address = {Boca Raton, Florida},
	year = {2016},
	note = {ISBN 978-1-4987-7572-4}
}

@Book{chambers2008,
	title = {Extending {R}},
	author = {John M. Chambers},
	publisher = {Springer},
	series = {Statistics and {C}omputing},
	address = {New York},
	year = {2008},
	note = {ISBN 978-0-387-75935-7}
}

@Book{adler2012,
	title = {{R} in a Nutshell},
	author = {Joseph Adler},
	publisher = {O’Reilly Media},
	address = {Sebastopol},
	year = {2012},
	note = {ISBN 978-1-449-31208-4}
}

@Book{hadley2019,
	title = {Advanced {R}},
	author = {Hadley Wickham},
	publisher = {Chapman and Hall/CRC},
	address = {Boca Raton, Florida},
	year = {2019},
	edition = {2nd},
	note = {ISBN 978-0815384571},
	url = {https://adv-r.hadley.nz/},
}

